@MANUAL{ASYN:2001,
  TITLE =        {Rechenmaschinenprogramm ASYN},
  organization = {Institut f√ºr Antriebssysteme und Leistungselektronik},
  address =      {Hannover},
  edition =      {Version 4.6},
  month =        {Oktober},
  year =         {2001},
}
